Data Lançamento;Histórico;Descrição;Valor;Saldo
01/03/2026;PIX RECEBIDO;JOAO SILVA;1250,00;5100,00
02/03/2026;PIX ENVIADO;MERCADO CENTRAL;-89,90;5010,10
03/03/2026;COMPRA;PADARIA SOL;-24,50;4985,60
04/03/2026;PAGAMENTO;BOLETO INTERNET;-180,00;4805,60
05/03/2026;TED;EMPRESA X;2000,00;6805,60
06/03/2026;TARIFA MENSAL;;-19,90;6785,70
07/03/2026;ESTORNO;COMPRA LOJA Y;45,00;6830,70
08/03/2026;TED;EMPRESA X;3500,00;10330,70
09/03/2026;DEPOSITO;;200,00;10530,70
10/03/2026;SAQUE;;-100,00;10430,70
